@article{
year={1995},
issn={0049-6979},
journal={Water, Air, and Soil Pollution},
volume={85},
number={4},
doi={10.1007/BF01186171},
title={Elevational trends in the fluxes of sulphur and nitrogen in throughfall in the Southern Appalachian Mountains: Some surprising results},
url={http://dx.doi.org/10.1007/BF01186171},
publisher={Kluwer Academic Publishers},
keywords={atmospheric deposition; high elevation forests; foliar uptake; cloudwater; nitrogen; sulphur},
author={Shubzda, J. and Lindberg, S.E. and Garten, C.T. and Nodvin, S.C.},
pages={2265-2270},
language={English}
}
