% -------------------------------------------------------------------------
% This BibTex file was generated by Qiqqa (http://www.qiqqa.com/?ref=EXPBIB)
% Wednesday, January 01, 2014 10:04:46 PM
% Version 3
% -------------------------------------------------------------------------

@article{spss
,	author	= {IBM}
,	title	= {IBM SPSS Statistics Base 22}
,	year	= {2013}
}

@article{neff2012influence,
  title={Influence of basin characteristics on baseflow and stormflow chemistry in the Great Smoky Mountains National Park, USA},
  author={Neff, Keil J and Schwartz, John S and Moore, Stephen E and Kulp, Matt A},
  journal={Hydrological Processes},
  year={2012},
  publisher={Wiley Online Library}
}

@article{clow2010
,	author	= {Clow, David W and Nanus, Leora and Huggett, Brian}
,	title	= {Use of regression-based models to map sensitivity of aquatic resources to atmospheric deposition in Yosemite National Park, USA}
,	journal	= {Water Resources Research}
,	year	= {2010}
,	volume	= {46}
,	number	= {9}
}

@article{weathers2006
,	author	= {Weathers, Kathleen C and Simkin, Samuel M and Lovett, Gary M and Lindberg, Steven E}
,	title	= {Empirical modeling of atmospheric deposition in mountainous landscapes}
,	journal	= {Ecological Applications}
,	year	= {2006}
,	volume	= {16}
,	number	= {4}
,	pages	= {1590--1607}
,	publisher	= {Eco Soc America}
}

@article{Flum2013
,	author	= {Terry Flum}
,	title	= {Biogeochemical Research in the Noland Divide Watershed, Great Smoky Mountains National Park}
,	year	= {2013}
}

@article{sullivan2004
,	author	= {Sullivan, TJ and Cosby, BJ and Herlihy, AT and Webb, JR and Bulger, AJ and Snyder, KU and Brewer, PF and Gilbert, EH and Moore, DL}
,	title	= {Regional model projections of future effects of sulfur and nitrogen deposition on streams in the southern Appalachian Mountains}
,	journal	= {Water Resources Research}
,	year	= {2004}
,	volume	= {40}
,	number	= {2}
,	publisher	= {Wiley Online Library}
}

@article{baldigo2001
,	author	= {Baldigo, Barry P and Lawrence, Gregory B}
,	title	= {Effects of stream acidification and habitat on fish populations of a North American river}
,	journal	= {Aquatic Sciences}
,	year	= {2001}
,	volume	= {63}
,	number	= {2}
,	pages	= {196--222}
,	publisher	= {Springer}
}

@book{helsel1992statistical,
  title={Statistical methods in water resources},
  author={Helsel, Dennis R and Hirsch, Robert M},
  volume={49},
  year={1992},
  publisher={Elsevier}
}

@article{hepler1992using,
  title={Using power analyses to examine post hoc trends in small samples},
  author={Hepler, Juanita B},
  journal={Small group research},
  volume={23},
  number={3},
  pages={408--421},
  year={1992},
  publisher={Sage Publications}
}

@article{evansa1996use,
  title={Use of factor analysis to investigate processes controlling the chemical composition of four streams in the Adirondack Mountains, New York},
  author={Evansa, CD and Daviesa, TD and Wigington Jr, PJ and Tranter, M and Kretser, WA},
  journal={Journal of Hydrology},
  volume={185},
  number={1},
  pages={297--316},
  year={1996},
  publisher={Elsevier}
}

@article{robinson2008ph,
  title={pH and acid anion time trends in different elevation ranges in the Great Smoky Mountains National Park},
  author={Robinson, R Bruce and Barnett, Thomas W and Harwell, Glenn R and Moore, Stephen E and Kulp, Matt and Schwartz, John S},
  journal={Journal of Environmental Engineering},
  volume={134},
  number={9},
  pages={800--808},
  year={2008},
  publisher={American Society of Civil Engineers}
}

@article{robinson2004parametric,
  title={Parametric modeling of water quality and sampling strategy in a high-altitude Appalachian stream},
  author={Robinson, R Bruce and Wood, Molly S and Smoot, James L and Moore, Stephen E},
  journal={Journal of Hydrology},
  volume={287},
  number={1},
  pages={62--73},
  year={2004},
  publisher={Elsevier}
}

@article{QAPP207
,	title	= {QAPP}
,	year	= {2007}
}

@mastersthesis{tener2000
,	author	= {Mark Andrew Tener}
,	title	= {A post hoc statistical power analysis and survey of the research Published in the Journal of Athletic Training}
,	year	= {2000}
}

@article{dilullo1997
,	author	= {Linda Kay DiLullo}
,	title	= {A post hoc power analysis of inferential research examinin the relationshiop between mathematics anxiety and mathematics performance}
,	year	= {1997}
}

@article{gillett1994post,
  title={Post hoc power analysis.},
  author={Gillett, Raphael},
  journal={Journal of applied psychology},
  volume={79},
  number={5},
  pages={783},
  year={1994},
  publisher={American Psychological Association}
}

@article{oakley2003guidelines,
  title={Guidelines for long-term monitoring protocols},
  author={Oakley, Karen L and Thomas, Lisa P and Fancy, Steven G},
  journal={Wildlife Society Bulletin},
  pages={1000--1003},
  year={2003},
  publisher={JSTOR}
}

@article{kirchner1995
,	title	= {Base Cation Depletion and Potential Long-Term Acidification of Norwegian Catchments}
,	author	= {James W. Kirchner, Espen Lydersen}
,	year	= {1995}
}

@article{neff2009physiological,
  title={Physiological stress in native southern brook trout during episodic stream acidification in the Great Smoky Mountains National Park},
  author={Neff, Keil J and Schwartz, John S and Henry, Theodore B and Robinson, R Bruce and Moore, Stephen E and Kulp, Matt A},
  journal={Archives of environmental contamination and toxicology},
  volume={57},
  number={2},
  pages={366--376},
  year={2009},
  publisher={Springer}
}

@article{sullivan2007model,
  title={Model-based assessment of the effects of acidic deposition on sensitive watershed resources in the national forests of North Carolina, Tennessee, and South Carolina},
  author={Sullivan, TJ and Cosby, BJ and Snyder, KU and Herlihy, AT and Jackson, B},
  journal={Inc., Corvallis, OR},
  year={2007}
}

@phdthesis{odom2003
,	author	= {Kenneth Ray Odom}
,	title	= {Assessment and redesign of the synoptic water quality monitoring network in the great smoky mountains national park}
,	year	= {2003}
}

@article{neff2009
,	author	= {Keil Jason Neff}
,	title	= {Stream Acidification in the Great Smoky Mountains National Park}
,	year	= {2009}
}

@phdthesis{jobe2006biodiversity,
  title={Biodiversity and scale: Determinants of species richness in Great Smoky Mountains National Park},
  author={Jobe, R Todd},
  year={2006},
  school={University of North Carolina}
}

@article{cohen1992statistical,
  title={Statistical power analysis},
  author={Cohen, Jacob},
  journal={Current directions in psychological science},
  volume={1},
  number={3},
  pages={98--101},
  year={1992},
  publisher={JSTOR}
}

@book{johnson1992atmospheric,
  title={Atmospheric deposition and forest nutrient cycling. A synthesis of the Integrated Forest Study.},
  author={Johnson, Dale W and Lindberg, Steven E and others},
  year={1992},
  publisher={Springer-Verlag}
}

@mastersthesis{harwell2001
,	author	= {Glenn Richard Harwell}
,	title	= {Water quality characteristiccs, temporal trends, and influencing factors for selected streams in the great smoky mountains national park}
,	year	= {2001}
}

@article{golden1981integrated,
  title={An integrated multivariate analysis of forest communities of the central Great Smoky Mountains},
  author={Golden, Michael S},
  journal={American Midland Naturalist},
  pages={37--53},
  year={1981},
  publisher={JSTOR}
}

@techreport{vitalsigns2010
,	title	= {Annual Administrative Report for Inventories \& Vital Signs Monitoring FY 2010}
,	year	= {2010}
}

@techreport{annualreport2012
,	author	= {UTK}
,	title	= {2011 Water Quality Annual Report}
,	year	= {2012}
}

@article{faul2009statistical,
  title={Statistical power analyses using G* Power 3.1: Tests for correlation and regression analyses},
  author={Faul, Franz and Erdfelder, Edgar and Buchner, Axel and Lang, Albert-Georg},
  journal={Behavior research methods},
  volume={41},
  number={4},
  pages={1149--1160},
  year={2009},
  publisher={Springer}
}

@techreport{mapunits
,	title	= {Explanation & List of Map Units }
}

@article{deyton2009characterizing,
  title={Characterizing episodic stream acidity during stormflows in the Great Smoky Mountains National Park},
  author={Deyton, Edwin B and Schwartz, John S and Robinson, R Bruce and Neff, Keil J and Moore, Stephen E and Kulp, Matt A},
  journal={Water, Air, and Soil Pollution},
  volume={196},
  number={1-4},
  pages={3--18},
  year={2009},
  publisher={Springer}
}

@article{cohen1992power,
  title={A power primer.},
  author={Cohen, Jacob},
  journal={Psychological bulletin},
  volume={112},
  number={1},
  pages={155},
  year={1992},
  publisher={American Psychological Association}
}

@article{cai2011long,
  title={Long-term annual and seasonal patterns of acidic deposition and stream water quality in a Great Smoky Mountains high-elevation watershed},
  author={Cai, Meijun and Schwartz, John S and Robinson, R Bruce and Moore, Stephen E and Kulp, Matt A},
  journal={Water, Air, \& Soil Pollution},
  volume={219},
  number={1-4},
  pages={547--562},
  year={2011},
  publisher={Springer}
}

@article{cai2013
,	author	= {Meijun Cai, John S. Schwartz}
,	title	= {Biological Effects of Stream Water Quality on Aquatic Macroinvertebrates and Fish Communities within Great Smoky Mountains National Park}
,	year	= {2013}
}

@misc{EPA,
  author={EPA},
  title = {Effects of Acid Rain - Surface Waters and Aquatic Animals},
  howpublished = {\url{http://www.epa.gov/acidrain/effects/surface_water.html}},
  note = {Accessed: 2014-01-05},
  year={2012}
}

@misc{NPS,
  author={NPS},
  title = {Nature \& Science},
  howpublished = {\url{http://www.nps.gov/grsm/naturescience/index.htm}},
  note = {Accessed: 2014-01-05},
  year={2013}
}

@article{dris2001,
     jstor_articletype = {primary_article},
     title = {Acidic Deposition in the Northeastern United States: Sources and Inputs, Ecosystem Effects, and Management Strategies},
     author = {DRISCOLL, CHARLES T. and LAWRENCE, GREGORY B. and BULGER, ARTHUR J. and BUTLER, THOMAS J. and CRONAN, CHRISTOPHER S. and EAGAR, CHRISTOPHER and LAMBERT, KATHLEEN F. and LIKENS, GENE E. and STODDARD,, JOHN L. and WEATHERS, KATHLEEN C.},
     journal = {BioScience},
     jstor_issuetitle = {},
     volume = {51},
     number = {3},
     jstor_formatteddate = {March 2001},
     pages = {pp. 180-198},
     url = {http://www.jstor.org/stable/10.1641/0006-3568\%282001\%29051\%5B0180\%3AADITNU\%5D2.0.CO\%3B2},
     ISSN = {00063568},
     abstract = {},
     language = {English},
     year = {2001},
     publisher = {University of California Press on behalf of the American Institute of Biological Sciences},
     copyright = {Copyright © 2001 University of California Press and American Institute of Biological Sciences},
    }
    
@book{board1983acid,
  title={Acid Deposition: Atmospheric Processes in Eastern North America},
  author={Board, Environmental Studies and others},
  year={1983},
  publisher={National Academies Press}
}